@book{computational_methods,
  title = {Обчислювальні методи: лабораторний практикум},
  author = {Жук П.Ф. Бердник О.М.},
  year = {2022},
  publisher = {Національний авіаційний університет},
  address = {Київ},
  pages = {60},
}

