@book{AMPLAB,
	author = "O. G. Piskunov, O. P. Tomachyk, O. V. Gavrulenko.",
	title = "Алгоритмiчнi мови та програмування: лабораторний практикум",
	publisher = "НАУ",
	year = 2022,
	address="Україна, м.Київ",
	volume="40",
}
@book{ALGORITMIZATION,
	author = "O. G. Trofumenko, U. V. Prokop, O. V. Zadereyko",
	title = "Алгоритмiзацiя та програмування: навчально-методичний посiбник",
	publisher = "Фенiкс",
	year = 2020,
	address="Україна, м.Одесса",
	volume="310",
}
@book{LECTURES,
	author = "O. G. Piskunov",
	title = "Конспект лекцiй: Компiлятори С++ та розробка консольних додаткiв",
	publisher = "НАУ",
	year = 2020,
	month=dec,
	series=2,
	howpublished={\href{https://scholar.google.com.ua/citations?view_op=view_citation&hl=ru&user=UMR-DzIAAAAJ&citation_for_view=UMR-DzIAAAAJ:738O_yMBCRsC}[link]},
	address="Україна, м.Київ",
}
