@book{pristavka_matstat,
	title = {Статистичний аналіз даних / Електронний посібник},
	author = {Приставка П.О.},
	year = {2023},
	publisher = {Національний авіаційний університет, кафедра прикладної математики},
	address = {Київ},
	pages = {245},
}

@misc{wiki:exp_distribution,
  author = {{Wikipedia contributors}},
  title = {Exponential Distribution --- {W}ikipedia{,} The Free Encyclopedia},
  year = {2024},
  url = {https://en.wikipedia.org/wiki/Exponential_distribution},
  note = {Accessed: April 4, 2024}
}

@misc{wiki:norm_distribution,
  author = {{Wikipedia contributors}},
  title = {Normal Distribution --- {W}ikipedia{,} The Free Encyclopedia},
  year = {2024},
  url = {https://en.wikipedia.org/wiki/Normal_distribution},
  note = {Accessed: April 4, 2024}
}

@misc{wiki:lognorm_distribution,
  author = {{Wikipedia contributors}},
  title = {Log-normal Distribution --- {W}ikipedia{,} The Free Encyclopedia},
  year = {2024},
  url = {https://en.wikipedia.org/wiki/Log-normal_distribution},
  note = {Accessed: April 4, 2024}
}

@online{wiki:weibull_distribution,
  author = {Wikipedia contributors},
  title = {Weibull distribution},
  year = {2024},
  url = {https://en.wikipedia.org/wiki/Weibull_distribution},
  note = {Accessed: April 5, 2024}
}

@online{wiki:uniform_distribution,
  author = {Wikipedia contributors},
  title = {Continuous uniform distribution},
  year = {2024},
  url = {https://en.wikipedia.org/wiki/Continuous_uniform_distribution},
  note = {Accessed: April 5, 2024}
}

@online{exprtk:website,
	author = {Arash Partow},
	title = {Expression Template Library (ExprTk)},
	url = {https://www.partow.net/programming/exprtk/},
	year = {2024},
	note = {Accessed: April 5, 2024}
}
	@online{qcustomplot:website,
  author = {Emanuel Eichhammer},
  title = {QCustomPlot},
  url = {https://www.qcustomplot.com},
  year = {2024},
  note = {Accessed: April 5, 2024}
}

@online{qt:website,
	author = {{Qt Project contributors}},
	title = {Qt Project Contribution Page},
	url = {https://contribute.qt-project.org},
	year = {2024},
	note = {Accessed: April 5, 2024}
}
