@book{Karumanchi_2020, place={Madinaguda, Hyderabad, India}, title={Data Structures and algorithms made easy: Concepts, problems, Interview Questions}, publisher={CareerMonk Publications}, author={Karumanchi, Narasimha}, year={2020}} 
